@article{sachan2018investigating,
	title={Investigating the Working of Text Classifiers},
	author={Sachan, Devendra Singh and Zaheer, Manzil and Salakhutdinov, Ruslan},
	journal={arXiv preprint arXiv:1801.06261},
	year={2018}
}

@inproceedings{heroux1998classification,
	title={Classification method study for automatic form class identification},
	author={Heroux, Pierre and Diana, Sebastien and Ribert, Arnaud and Trupin, Eric},
	booktitle={Pattern Recognition, 1998. Proceedings. Fourteenth International Conference on},
	volume={1},
	pages={926--928},
	year={1998},
	organization={IEEE}
}

@article{kim2014convolutional,
	title={Convolutional neural networks for sentence classification},
	author={Kim, Yoon},
	journal={arXiv preprint arXiv:1408.5882},
	year={2014}
}

@incollection{parlak2018feature,
	title={On Feature Weighting and Selection for Medical Document Classification},
	author={Parlak, Bekir and Uysal, Alper Kursat},
	booktitle={Developments and Advances in Intelligent Systems and Applications},
	pages={269--282},
	year={2018},
	publisher={Springer}
}

@article{elhadad2018novel,
	title={A Novel Approach for Ontology-Based Feature Vector Generation for Web Text Document Classification},
	author={Elhadad, Mohamed K and Badran, Khaled M and Salama, Gouda I},
	journal={International Journal of Software Innovation (IJSI)},
	volume={6},
	number={1},
	pages={1--10},
	year={2018},
	publisher={IGI Global}
}

@article{lauren2018discriminant,
	title={Discriminant document embeddings with an extreme learning machine for classifying clinical narratives},
	author={Lauren, Paula and Qu, Guangzhi and Zhang, Feng and Lendasse, Amaury},
	journal={Neurocomputing},
	volume={277},
	pages={129--138},
	year={2018},
	publisher={Elsevier}
}

@article{salih2018term,
	title={Term Expansion and Powerlabel Set for Multi-Label Hierarchical on Short Document Classification},
	author={Salih, Zaid Farooq and Tiun, Sabrina},
	journal={International Journal of Applied Engineering Research},
	volume={13},
	number={1},
	pages={539--544},
	year={2018}
}

@inproceedings{ding2014sensing,
	title={Sensing-aware kernel SVM},
	author={Ding, Weicong and Ishwar, Prakash and Saligrama, Venkatesh and Karl, W Clem},
	booktitle={Acoustics, Speech and Signal Processing (ICASSP), 2014 IEEE International Conference on},
	pages={2947--2951},
	year={2014},
	organization={IEEE}
}

@inproceedings{dataset,
	author = {},
	title     = {Collection of Datasets},
	booktitle = {},
	year      = {},
	note        = {http://www.cad.zju.edu.cn/home/ dengcai/Data/TextData.html},
}

@inproceedings{kaggledataset,
	author = {},
	title     = {Kaggle Data: Personalized Medicine: Redefining Cancer Treatment},
	booktitle = {},
	year      = {},
	note        = {https://www.kaggle.com/c/msk-redefining-cancer-treatment},
}

@article{furnkranz1998study,
	title={A study using n-gram features for text categorization},
	author={F{\"u}rnkranz, Johannes},
	journal={Austrian Research Institute for Artifical Intelligence},
	volume={3},
	number={1998},
	pages={1--10},
	year={1998}
}

@incollection{maes1995agents,
	title={Agents that reduce work and information overload},
	author={Maes, Pattie},
	booktitle={Readings in Human--Computer Interaction},
	pages={811--821},
	year={1995},
	publisher={Elsevier}
}

@article{deerwester1990indexing,
	title={Indexing by latent semantic analysis},
	author={Deerwester, Scott and Dumais, Susan T and Furnas, George W and Landauer, Thomas K and Harshman, Richard},
	journal={Journal of the American society for information science},
	volume={41},
	number={6},
	pages={391},
	year={1990},
	publisher={American Documentation Institute}
}

@inproceedings{hofmann1999probabilistic,
	title={Probabilistic latent semantic analysis},
	author={Hofmann, Thomas},
	booktitle={Proceedings of the Fifteenth conference on Uncertainty in artificial intelligence},
	pages={289--296},
	year={1999},
	organization={Morgan Kaufmann Publishers Inc.}
}

@article{blei2003latent,
	title={Latent dirichlet allocation},
	author={Blei, David M and Ng, Andrew Y and Jordan, Michael I},
	journal={Journal of machine Learning research},
	volume={3},
	number={Jan},
	pages={993--1022},
	year={2003}
}

@inproceedings{song1999general,
	title={A general language model for information retrieval},
	author={Song, Fei and Croft, W Bruce},
	booktitle={Proceedings of the eighth international conference on Information and knowledge management},
	pages={316--321},
	year={1999},
	organization={ACM}
}

@book{schutze2008introduction,
	title={Introduction to information retrieval},
	author={Sch{\"u}tze, Hinrich and Manning, Christopher D and Raghavan, Prabhakar},
	volume={39},
	year={2008},
	publisher={Cambridge University Press}
}

@misc{ishwarspring18,
	author        = {Prakash Ishwar},
	title         = {EC 503 - Learning from Data },
	month         = {January - May},
	year          = {2018},
	publisher={Department of Electrical and Computer Engineering, Boston University}
}